@misc{nkapila2024cnntention,
    title={CNNtention: Can CNNs do better with Attention?},
    author={Nikhil Kapila and Julian Glattki and Tejas Rathi},
    month={December},
    year={2024},
    eprint={2412.11657},
    archivePrefix={arXiv},
    primaryClass={cs.CV},}
    #url={https://arxiv.org/abs/2412.11657v3}
}

@misc{bgd2lstm,
author={Nikhil Kapila},
title={Training LSTMs on Building Genome 2 Data},
month={July},
year={2024},
url={https://nkapila.me/masters/mscs-research-work}
}

